<?xml version="1.0" encoding="UTF-8"?><collection xmlns="http://www.loc.gov/MARC21/slim"><record><leader>00340nam--2200121-i-4500</leader><controlfield tag="001">000027378</controlfield><controlfield tag="002">20161230</controlfield><controlfield tag="005">20161230201036</controlfield><controlfield tag="008">060222s1000------------r-----000-0-eng-d</controlfield><datafield ind1=" " ind2=" " tag="080"><subfield code="a">681.3.07</subfield></datafield><datafield ind1=" " ind2=" " tag="245"><subfield code="a">Introduction to ibm system/360. direct access storage devices and organization methods</subfield></datafield><datafield ind1=" " ind2=" " tag="260"><subfield code="a">New York, Ibm, 1966, 70p</subfield></datafield><datafield ind1=" " ind2=" " tag="852"><subfield code="a">80751</subfield></datafield></record></collection>